@book{griesetal:2017,
  title={Practical programming: an introduction to computer science using Python 3.6},
  author={Gries, Paul and Campbell, Jennifer and Montojo, Jason},
  year={2017},
  publisher={Pragmatic Bookshelf}
}
@book{taddy:2019,
  title={Business data science: Combining machine learning and economics to optimize, automate, and accelerate business decisions},
  author={Taddy, Matt},
  year={2019},
  publisher={McGraw Hill Professional}
}
@book{adledore:2014,
  title={How to read a book: The classic guide to intelligent reading},
  author={Adler, Mortimer J and Van Doren, Charles},
  year={2014},
  publisher={Simon and Schuster}
}